@inproceedings{otr2004,
  shorthand={OTR04},
  title={Off-the-record communication, or, why not to use PGP},
  author={Borisov, Nikita and Goldberg, Ian and Brewer, Eric},
  booktitle={Proceedings of the 2004 ACM workshop on Privacy in the 
    electronic society},
  pages={77--84},
  year={2004},
  organization={ACM}
}
@inproceedings{otr2007,
  shorthand={OTR07},
  title={Improved user authentication in off-the-record messaging},
  author={Alexander, Chris and Goldberg, Ian},
  booktitle={Proceedings of the 2007 ACM workshop on Privacy in 
    electronic society},
  pages={41--47},
  year={2007},
  organization={ACM}
}

@inproceedings{di2005secure,
  title={Secure off-the-record messaging},
  author={Di Raimondo, Mario and Gennaro, Rosario and Krawczyk, Hugo},
  booktitle={Proceedings of the 2005 ACM workshop on Privacy in the 
    electronic society},
  pages={81--89},
  year={2005},
  organization={ACM}
}
@inproceedings{multiotr2009,
  shorthand={OTR09},
  title={Multi-party off-the-record messaging},
  author={Goldberg, Ian and Ustao{\u{g}}lu, Berkant and Van Gundy, Matthew 
    D and Chen, Hao},
  booktitle={Proceedings of the 16th ACM conference on Computer and 
    communications security},
  pages={358--368},
  year={2009},
  organization={ACM}
}
@article{frosch2014secure,
  shorthand={TS14},
  title={How Secure is TextSecure?},
  author={Frosch, Tilman and Mainka, Christian and Bader, Christoph and 
    Bergsma, Florian and Schwenk, Joerg and Holz, Thorsten},
  journal={Cryptology ePrint Archive},
  year={2014},
  month={10},
  number={904},
  URL={http://eprint.iacr.org/2014/904},
  note={Version: 20141105:123328},
}

@misc{pidgin,
  shorthand={Pid},
  author={{The Pidgin Project}},
  title={Pidgin, the universal chat client},
  URL={https://pidgin.im/},
  note={Accessed on 5th Nov 2014},
}
@misc{textsecure,
  shorthand={TS},
  author={{Open Whisper Systems}},
  title={TextSecure Private Messenger},
  URL={https://play.google.com/store/apps/details?id=org.thoughtcrime.securesms&hl=en},
  note={Accessed on 5th Nov 2014},
}
@misc{TSasynch,
  author={Marlinspike, Moxie},
  title={Forward Secrecy for Asynchronous Messages},
  year={2013},
  month={8},
  URL={https://whispersystems.org/blog/asynchronous-security/},
  note={Accessed on 5th Nov 2014},
}
@misc{TSdeniable,
  author={Marlinspike, Moxie},
  title={Simplifying OTR deniability},
  year={2013},
  month={7},
  URL={https://whispersystems.org/blog/simplifying-otr-deniability/},
  note={Accessed on 5th Nov 2014},
}
@misc{TSratchet,
  author={Marlinspike, Moxie},
  title={Advanced cryptographic ratcheting},
  year={2013},
  month={11},
  URL={https://whispersystems.org/blog/advanced-ratcheting/},
  note={Accessed on 5th Nov 2014},
}

